<record><leader>00000cas a22000007a 4500</leader><controlfield tag="001">14642207</controlfield><controlfield tag="008">861106c19489999txudr ne      0    0eng d</controlfield><datafield ind1=" " ind2=" " tag="010"><subfield code="a">sn 86089803 </subfield></datafield><datafield ind1=" " ind2=" " tag="040"><subfield code="a">PPM</subfield><subfield code="b">eng</subfield><subfield code="c">PPM</subfield><subfield code="d">CUS</subfield><subfield code="d">OCLCQ</subfield><subfield code="d">OCLCF</subfield><subfield code="d">OCLCO</subfield></datafield><datafield ind1="1" ind2=" " tag="029"><subfield code="a">AU@</subfield><subfield code="b">000041015514</subfield></datafield><datafield ind1=" " ind2=" " tag="042"><subfield code="a">msc</subfield></datafield><datafield ind1=" " ind2=" " tag="043"><subfield code="a">n-us-tx</subfield></datafield><datafield ind1="1" ind2="4" tag="050"><subfield code="a">Newspaper</subfield></datafield><datafield ind1="0" ind2="0" tag="245"><subfield code="a">Waco tribune-herald.</subfield></datafield><datafield ind1=" " ind2=" " tag="260"><subfield code="a">Waco, Tex. :</subfield><subfield code="b">Newspapers Inc.,</subfield><subfield code="c">1948-</subfield></datafield><datafield ind1=" " ind2=" " tag="300"><subfield code="a">v. :</subfield><subfield code="b">ill. ;</subfield><subfield code="c">58 cm.</subfield></datafield><datafield ind1=" " ind2=" " tag="310"><subfield code="a">Daily,</subfield><subfield code="b">Nov. 5, 1973-</subfield></datafield><datafield ind1=" " ind2=" " tag="321"><subfield code="a">Weekly (Sun. only),</subfield><subfield code="b">Dec. 26, 1948-Sept. 29, 1963</subfield></datafield><datafield ind1=" " ind2=" " tag="321"><subfield code="a">Semiweekly (Sat. and Sun. only),</subfield><subfield code="b">Oct. 5, 1963-Nov. 4, 1973</subfield></datafield><datafield ind1="0" ind2=" " tag="362"><subfield code="a">Vol. 21, no. 19 (Dec. 26, 1948)-</subfield></datafield><datafield ind1=" " ind2=" " tag="500"><subfield code="a">Published on specified holidays, 1948-1973.</subfield></datafield><datafield ind1=" " ind2="0" tag="651"><subfield code="a">Waco (Tex.)</subfield><subfield code="v">Newspapers.</subfield></datafield><datafield ind1=" " ind2="7" tag="655"><subfield code="a">Newspapers.</subfield><subfield code="2">fast</subfield><subfield code="0">(OCoLC)fst01423814</subfield></datafield><datafield ind1=" " ind2="7" tag="651"><subfield code="a">Texas</subfield><subfield code="z">Waco.</subfield><subfield code="2">fast</subfield><subfield code="0">(OCoLC)fst01212112</subfield></datafield><datafield ind1=" " ind2=" " tag="752"><subfield code="a">United States</subfield><subfield code="b">Texas</subfield><subfield code="c">McLennan</subfield><subfield code="d">Waco.</subfield></datafield><datafield ind1="0" ind2=" " tag="775"><subfield code="t">Waco news-tribune</subfield><subfield code="w">(OCoLC)14995317</subfield></datafield><datafield ind1="0" ind2=" " tag="775"><subfield code="t">Waco times-herald</subfield><subfield code="w">(OCoLC)13695170</subfield></datafield><datafield ind1="1" ind2=" " tag="776"><subfield code="a">Waco tribune-herald (Online)</subfield><subfield code="w">(OCoLC)52062762</subfield></datafield><datafield ind1="0" ind2="0" tag="780"><subfield code="t">Waco Sunday tribune-herald</subfield><subfield code="w">(OCoLC)14816129</subfield></datafield><datafield ind1="0" ind2="5" tag="780"><subfield code="t">Waco news-tribune</subfield><subfield code="w">(OCoLC)14995317</subfield></datafield><datafield ind1="0" ind2="5" tag="780"><subfield code="t">Waco times-herald</subfield><subfield code="w">(OCoLC)13695170</subfield></datafield></record>